\Sort{
  Mode{on}
  Collation{mixed}
  SortTypeOrder{pattern,key,name}
  NameOrder{ascending}
  Key{{author,editor},\year{year,note}}
  KeyOrder{descending,nulls first}
  Pattern{author+editor: "doron"}
  PatternOrder{first}
}
@MISC{Bartlett98a,
  author = {Peter Bartlett and John Shawe-Taylor},
  year = 1999,
  title = {Generalization Performance of Support Vector Machines and Other
          Pattern Classifiers},
  address = {Available at http://discus.anu.edu.au/~bartlett/papers/TR98b.ps.Z},
  howpublished = {Book chapter. Available at
                 http://discus.anu.edu.au/~bartlett/papers/TR98b.ps.Z}
}
@ARTICLE{Bauer99,
  author = {Eric Bauer and Ron Kohavi},
  year = 1999,
  title = {An Empirical Comparison of Voting Classification Algorithms:
          Bagging, Boosting and Variants},
  journal = {Machine Learning},
  volume = 36,
  number = {1/2},
  pages = {105-139}
}
@INPROCEEDINGS{Duffy99,
  author = {Nigel Duffy and David Helmbold},
  year = 1999,
  title = {Potential Boosters?},
  booktitle = {Proceedings of {NIPS99}}
}
@UNPUBLISHED{Mason99,
  author = {Llew Mason and Johnathon Baxter and Peter Bartlett and Marcus
           Frean},
  year = 1999,
  title = {Boosting Algorithms as Gradient Descent in Function Space},
  note = {Preprint}
}
@TECHREPORT{Mason99a,
  author = {Llew Mason and Peter Bartlett and Jonathon Baxter},
  year = 1999,
  title = {Direct Optimization of Margins Improves Generalization in Combined
          Classifiers},
  booktitle = {Proceedings of Some Conference Or Another (to Appear)},
  institution = {Department of Systems Engineering, The Australian National
                University}
}
@ARTICLE{Mason99b,
  author = {Llew Mason and Peter Bartlett and Jonathon Baxter},
  year = 1999,
  title = {Improved Generalization Through Explicit Optimization of Margins},
  journal = {Machine Learning},
  comment = {To appear}
}
@UNPUBLISHED{Williamson99,
  author = {Robert C. Williamson and Alex J. Smola and Bernhard Sch{\"o}lkopf},
  year = 1999,
  title = {A Maximum Margin Miscellany},
  note = {Preprint}
}
@BOOK{Anthony98,
  author = {Martin Anthony and Peter Bartlett},
  year = 1998,
  title = {Learning in Neural Networks: Theoretical Foundations},
  publisher = {Cambridge University Press}
}
@ARTICLE{Bartlett98,
  author = {Peter L. Bartlett},
  month = {March},
  year = 1998,
  title = {The Sample Complexity of Pattern Classification with Neural
          Networks: The Size of the Weights is More Important Then the Size of
          the Network},
  journal = {IEEE Transactions on Information Theory},
  volume = 44,
  number = 2,
  pages = {525-536}
}
@BOOK{Cherkassky98,
  author = {Vladamir Cherkassky and Filip Mulier},
  year = 1998,
  title = {Learning from Data: Concepts, Theory and Methods},
  publisher = {John Wiley and Sons}
}
@INPROCEEDINGS{Grove98,
  author = {Adam J. Grove and Dale Schuurmans},
  year = 1998,
  title = {Boosting in the Limit: Maximising the Margin of Learned Ensembles},
  booktitle = {Proceedings, Fifteenth National Conference on Artificial
              Intelligence {(AAAI}-98)},
  pages = {692-699},
  publisher = {MIT Press}
}
@ARTICLE{Hearst98,
  author = {Marti A. Hearst},
  month = {July/August},
  year = 1998,
  title = {Support Vector Machines},
  journal = {IEEE Intelligent Systems},
  pages = {18-28}
}
@ARTICLE{Ratsch98,
  author = {G. R{\"a}tsch and T. Onoda and K.-R. M{\"u}ller},
  year = 1998,
  title = {Soft Margins for {AdaBoost}}
}
@MISC{UCI,
  author = {C. Blake and E. Keogh and C. J. Merz},
  year = 1998,
  title = {{UCI} Repository of Machine Learning Databases},
  institution = {University of California, Irvine, Dept. of Information and
                Computer Sciences},
  url = {http://www.ics.uci.edu/$\sim$mlearn/MLRepository.html}
}
@BOOK{Vapnik98,
  author = {Vladamir N. Vapnik},
  year = 1998,
  title = {Statistical Learning Theory},
  publisher = {John Wiley and Sons}
}
@TECHREPORT{Breiman97,
  author = {Leo Breiman},
  year = 1997,
  title = {Arcing the Edge},
  number = 486,
  institution = {Statistics Department, University of California, Berkeley}
}
@ARTICLE{Freund97,
  author = {Yoav Freund and Robert E. Schapire},
  year = 1997,
  title = {A Decision-Theoretic Generalization of on-Line Learning and an
          Application to Boosting},
  journal = {Journal of Computer and System Sciences},
  volume = 55,
  number = 1,
  pages = {119-139}
}
@BOOK{Heath97,
  author = {Michael T. Heath},
  year = 1997,
  title = {Scientific Computing: An Introductory Survey},
  publisher = {McGraw-Hill Book Co.},
  address = {Singapore}
}
@PHDTHESIS{Payne97,
  author = {Karen Payne},
  month = {September},
  year = 1997,
  title = {Recent Advances in the Problem of Induction and their Relationship
          to Ecological Modelling},
  school = {The Australian National University}
}
@INPROCEEDINGS{Schapire97,
  author = {Robert E. Schapire and Yoav Freund and Peter Bartlett and Wee Sun
           Lee},
  year = 1997,
  title = {Boosting the Margin: A New Explanation for the Effectiveness of
          Voting Methods},
  booktitle = {Proc. 14th International Conference on Machine Learning},
  pages = {322-330},
  publisher = {Morgan Kaufmann}
}
@UNPUBLISHED{Williamson97,
  author = {Robert C. Williamson},
  year = {1997?},
  title = {Capacity Control, Learning Curves, and Related Problems in
          Computational Learning Theory},
  note = {Funding proposal for research program},
  institution = {The Australian National University},
  school = {Faculty of Engineering and Information Technology? or Research
           School of Information Sciences and Engineering?}
}
@MISC{Williamson97a,
  author = {Robert C. Williamson},
  month = {January},
  year = 1997,
  title = {Application of a Support Vector Machine to a Geographical Data Set},
  howpublished = {Unpublished private manuscript}
}
@TECHREPORT{Breiman96,
  author = {Leo Breiman},
  month = {April},
  year = 1996,
  title = {Bias, Variance and Arcing Classifiers},
  number = 460,
  institution = {Statistics Department, University of California, Berkeley},
  url = {ftp://ftp.stat.berkeley.edu/pub/users/breiman/acall96.ps.{Z}}
}
@INPROCEEDINGS{Freund96,
  author = {Yoav Freund and Robert E. Schapire},
  year = 1996,
  title = {Experiments with a New Boosting Algorithm},
  booktitle = {Machine Learning: Proceedings of the Thirteenth International
              Conference},
  pages = {148-156}
}
@BOOK{Mathworks96,
  author = {{The MathWorks, Inc.}},
  year = 1996,
  title = {{MATLAB} Application Program Interface Guide},
  publisher = {{The Mathworks, Inc.}},
  address = {Internet: http://www.mathworks.com/}
}
@BOOK{Mathworks96a,
  author = {{The MathWorks, Inc.}},
  year = 1996,
  title = {{MATLAB} Application Program Interface Reference},
  publisher = {{The Mathworks, Inc.}},
  address = {Internet: http://www.mathworks.com/}
}
@BOOK{Penrose89,
  author = {Roger Penrose},
  year = 1989,
  title = {The Emperor's New Mind},
  publisher = {Oxford University Press}
}
@ARTICLE{Gorman88,
  author = {R. P. Gorman and T. J. Sejnowski},
  year = 1988,
  title = {Analysis of Hidden Units in a Layered Network Trained to Classify
          Sonar Targets},
  journal = {Neural Networks},
  volume = 1,
  pages = {75-89}
}
